<collection xmlns="http://www.loc.gov/MARC21/slim">
<record>
  <leader>01404nam0a22002891i 450 </leader>
  <controlfield tag="001">IT\ICCU\CNCE\052461</controlfield>
  <controlfield tag="005">20011106000000.0</controlfield>
  <datafield tag="012" ind1=" " ind2=" ">
    <subfield code="a">s.s, r.es t.s, e.a, (C) 1590 (R)</subfield>
    <subfield code="2">fei</subfield>
  </datafield>
  <datafield tag="100" ind1=" " ind2=" ">
    <subfield code="a">20011106d1590        0itac0103    ba</subfield>
  </datafield>
  <datafield tag="101" ind1=" " ind2=" ">
    <subfield code="a">LAT</subfield>
  </datafield>
  <datafield tag="102" ind1=" " ind2=" ">
    <subfield code="a">IT</subfield>
  </datafield>
  <datafield tag="200" ind1="1" ind2=" ">
    <subfield code="a">Diuersorum generum carmina in laudem quorundam illustrium virorum et professorum inclyti Gymnasii Patauini, scripta a Georgio Hordisaeo Germano poeta laureato caesareo</subfield>
  </datafield>
  <datafield tag="210" ind1=" " ind2=" ">
    <subfield code="a">Pataui</subfield>
    <subfield code="c">apud Laurentium Pasquatum</subfield>
    <subfield code="d">1590</subfield>
  </datafield>
  <datafield tag="215" ind1=" " ind2=" ">
    <subfield code="a">\4! c.</subfield>
    <subfield code="d">4ʻ</subfield>
  </datafield>
  <datafield tag="620" ind1=" " ind2=" ">
    <subfield code="a">IT</subfield>
    <subfield code="d">Padova</subfield>
  </datafield>
  <datafield tag="700" ind1=" " ind2="1">
    <subfield code="a">Hordisaeus,</subfield>
    <subfield code="b">Georgius</subfield>
    <subfield code="3">IT\ICCU\CNCA\016422</subfield>
  </datafield>
  <datafield tag="712" ind1="0" ind2="0">
    <subfield code="a">Pasquato, Lorenzo</subfield>
    <subfield code="3">IT\ICCU\CNCT\000004</subfield>
    <subfield code="4">650</subfield>
  </datafield>
  <datafield tag="791" ind1="0" ind2="0">
    <subfield code="a">Paschatius, Laurentius</subfield>
    <subfield code="3">IT\ICCU\CNCT\002466</subfield>
    <subfield code="z">Pasquato, Lorenzo</subfield>
  </datafield>
  <datafield tag="791" ind1="0" ind2="0">
    <subfield code="a">Pasqualius, Laurentius</subfield>
    <subfield code="3">IT\ICCU\CNCT\004022</subfield>
    <subfield code="z">Pasquato, Lorenzo</subfield>
  </datafield>
  <datafield tag="791" ind1="0" ind2="0">
    <subfield code="a">Pasquale, Lorenzo</subfield>
    <subfield code="3">IT\ICCU\CNCT\004023</subfield>
    <subfield code="z">Pasquato, Lorenzo</subfield>
  </datafield>
  <datafield tag="791" ind1="0" ind2="0">
    <subfield code="a">Pasquatus, Laurentius</subfield>
    <subfield code="3">IT\ICCU\CNCT\005296</subfield>
    <subfield code="z">Pasquato, Lorenzo</subfield>
  </datafield>
  <datafield tag="791" ind1="0" ind2="0">
    <subfield code="a">Pasquatius, Laurentius</subfield>
    <subfield code="3">IT\ICCU\CNCT\005297</subfield>
    <subfield code="z">Pasquato, Lorenzo</subfield>
  </datafield>
  <datafield tag="791" ind1="0" ind2="0">
    <subfield code="a">Pasquatto, Lorenzo</subfield>
    <subfield code="3">IT\ICCU\CNCT\005298</subfield>
    <subfield code="z">Pasquato, Lorenzo</subfield>
  </datafield>
  <datafield tag="791" ind1="0" ind2="0">
    <subfield code="a">Pasquati, Lorenzo</subfield>
    <subfield code="3">IT\ICCU\CNCT\005299</subfield>
    <subfield code="z">Pasquato, Lorenzo</subfield>
  </datafield>
  <datafield tag="801" ind1=" " ind2="3">
    <subfield code="a">IT</subfield>
    <subfield code="b">ICCU</subfield>
    <subfield code="c">20201115</subfield>
  </datafield>
  <datafield tag="899" ind1=" " ind2=" ">
    <subfield code="a">Biblioteca nazionale Marciana. Venezia</subfield>
    <subfield code="1">VE0049</subfield>
    <subfield code="2">VEA BM</subfield>
  </datafield>
  <datafield tag="921" ind1=" " ind2=" ">
    <subfield code="a">IT\ICCU\CNCM\000351</subfield>
    <subfield code="b">Olmo</subfield>
    <subfield code="e">Ulmus amica viti</subfield>
    <subfield code="c">V147</subfield>
    <subfield code="c">Z907</subfield>
    <subfield code="d">dimensioni: 2,9 x 4 cm.</subfield>
    <subfield code="f">OLMO</subfield>
    <subfield code="g">1558-1599</subfield>
  </datafield>
</record>
</collection>
